<?xml version="1.0" encoding="UTF-8"?><collection xmlns="http://www.loc.gov/MARC21/slim"><record><leader>00545nam--2200193-u-4500</leader><controlfield tag="001">000054223</controlfield><controlfield tag="002">20161230</controlfield><controlfield tag="005">20161230201051</controlfield><controlfield tag="008">110919s1000------------r-----000-0-rum-d</controlfield><datafield ind1=" " ind2=" " tag="040"><subfield code="a">IFIN-HH</subfield></datafield><datafield ind1=" " ind2=" " tag="041"><subfield code="a">rum</subfield></datafield><datafield ind1=" " ind2=" " tag="080"><subfield code="a">537.6:621.318</subfield></datafield><datafield ind1="1" ind2=" " tag="100"><subfield code="a">Cedighian, Suren</subfield></datafield><datafield ind1="1" ind2="0" tag="245"><subfield code="a">Materiale magnetice</subfield><subfield code="b">Indreptar</subfield><subfield code="c">Suren cedighian</subfield></datafield><datafield ind1=" " ind2=" " tag="260"><subfield code="a">Bucuresti</subfield><subfield code="b">Editura Tehnica</subfield><subfield code="c">1974</subfield></datafield><datafield ind1=" " ind2=" " tag="300"><subfield code="a">272P</subfield></datafield><datafield ind1=" " ind2=" " tag="490"><subfield code="a">Indreptare De Nivel Mediu In Domeniile Energeticii Si Electrotehnicii</subfield></datafield><datafield ind1=" " ind2=" " tag="852"><subfield code="a">42321</subfield><subfield code="c">538.221</subfield></datafield><datafield ind1=" " ind2=" " tag="CAT"><subfield code="a">Sys</subfield><subfield code="c">20110919</subfield><subfield code="h">112933</subfield></datafield></record></collection>